
@article{johnson2006,
  title = {Examination of Relationships between Participation in School Music Programs of Differing Quality and Standardized Test Results},
  author = {Johnson, C. M.. and Memmott, J. E.},
  year = {2006},
  volume = {54},
  pages = {293--307},
  publisher = {{SAGE Publications Inc}},
  issn = {0022-4294},
  doi = {10.1177/002242940605400403},
  journal = {Journal of Research in Music Education},
  number = {4}
}

@article{quinn1999,
  title = {Myopia and Ambient Lighting at Night},
  author = {Quinn, G. E. and Shin, C. H. and Maguire, M. G. and Stone, R. A.},
  year = {1999},
  volume = {399},
  pages = {113--114},
  issn = {0028-0836},
  doi = {10.1038/20094},
  journal = {Nature},
  number = {6732},
  pmid = {10335839}
}

@misc{ramachandran2007,
  title = {3 Clues to Understanding Your Brain},
  author = {Ramachandran, V.},
  year = {2007},
  url = {https://www.ted.com/talks/vs_ramachandran_3_clues_to_understanding_your_brain}
}

@article{richardson2019,
  title = {Left-Handedness Is Associated with Greater Fighting Success in Humans},
  author = {Richardson, T. and Gilman, R. T.},
  year = {2019},
  volume = {9},
  pages = {15402},
  publisher = {{Nature Publishing Group}},
  issn = {2045-2322},
  doi = {10.1038/s41598-019-51975-3},
  journal = {Scientific Reports},
  number = {1}
}

@article{stewart2014,
  title = {Rapid Antigen Group A Streptococcus Test to Diagnose Pharyngitis: A Systematic Review and Meta-Analysis},
  author = {Stewart, E. H. and Davis, B. and {Clemans-Taylor}, B. L. and Littenberg, B. and Estrada, C. A. and Centor, R. M.},
  year = {2014},
  volume = {9},
  issn = {1932-6203},
  doi = {10.1371/journal.pone.0111727},
  number = {11},
  pmcid = {PMC4219770},
  pmid = {25369170}
}

@article{sulheim2017,
  title = {Helmet Use and Risk of Head Injuries in Alpine Skiers and Snowboarders: Changes after an Interval of One Decade},
  author = {Sulheim, S. and Ekeland, A. and Holme, I. and Bahr, R.},
  year = {2017},
  volume = {51},
  pages = {44--50},
  publisher = {{BMJ Publishing Group Ltd and British Association of Sport and Exercise Medicine}},
  issn = {0306-3674, 1473-0480},
  doi = {10.1136/bjsports-2015-095798},
  number = {1},
  pmid = {27531522}
}

@misc{usepa2020,
  title = {Air Data -- Daily Air Quality Tracker},
  author = "{US Environmental Protection Agency}",
  url = {https://www.epa.gov/outdoor-air-quality-data/air-data-daily-air-quality-tracker}
}

@misc{imdb,
  title = {{{IMDb}} Movies Extensive Dataset},
  url = {https://kaggle.com/stefanoleone992/imdb-extensive-dataset}
}


@misc{weather,
  title = {National Weather Service -- {NWS} Billings},
  author = "{National Weather Service Corporate Image Web Team}",
  url = {https://w2.weather.gov/climate/xmacis.php?wfo=byz}
}
